<?xml version="1.0" encoding="utf-8"?>
<record xmlns="http://www.loc.gov/MARC21/slim" xmlns:xsi="http://www.w3.org/2001/XMLSchema-instance" xsi:schemaLocation="http://www.loc.gov/MARC21/slim http://www.loc.gov/standards/marcxml/schema/MARC21slim.xsd">
	<leader>     nam a22     Mi 4500</leader>
	<controlfield tag="001">2825537</controlfield>
	<controlfield tag="003">NjP</controlfield>
	<controlfield tag="006">m        d        </controlfield>
	<controlfield tag="007">cr cn |||m|||a</controlfield>
	<controlfield tag="008">210308s1966    iq      ob    000 0 arard</controlfield>
	<datafield ind1=" " ind2=" " tag="040">
		<subfield code="a">ZYU</subfield>
		<subfield code="b">ara</subfield>
		<subfield code="e">rda</subfield>
		<subfield code="c">ZYU</subfield>
	</datafield>
	<datafield ind1="0" ind2="4" tag="050">
		<subfield code="a">DS238.A1</subfield>
		<subfield code="b">S29</subfield>
	</datafield>
	<datafield ind1="1" ind2=" " tag="100">
		<subfield code="6">880-01</subfield>
		<subfield code="a">Ṣāḥib al-Ṭālqānī, Abū al-Qāsim Ismāʻīl ibn ʻAbbād,</subfield>
		<subfield code="d">936-995.</subfield>
	</datafield>
	<datafield ind1="1" ind2="0" tag="245">
		<subfield code="6">880-02</subfield>
		<subfield code="a">ʻUnwān al-maʻārif wa-dhikr al-khalāʼif /</subfield>
		<subfield code="c">taʼlīf alṢāḥib Abī al-Qāsim Ismāʻīl ibn ʻAbbād ; taḥqīq Muḥammad Ḥasan Āl Yāsīn.</subfield>
	</datafield>
	<datafield ind1=" " ind2=" " tag="250">
		<subfield code="6">880-03</subfield>
		<subfield code="a">[al-Ṭabʻah 3].</subfield>
	</datafield>
	<datafield ind1=" " ind2=" " tag="260">
		<subfield code="6">880-04</subfield>
		<subfield code="a">[Baghdad] :</subfield>
		<subfield code="b">[publisher not identified],</subfield>
		<subfield code="c">[1966]</subfield>
	</datafield>
	<datafield ind1=" " ind2=" " tag="300">
		<subfield code="a">online resource (39 pages)</subfield>
	</datafield>
	<datafield ind1=" " ind2=" " tag="336">
		<subfield code="a">text</subfield>
		<subfield code="2">rdacontent</subfield>
	</datafield>
	<datafield ind1=" " ind2=" " tag="337">
		<subfield code="a">computer</subfield>
		<subfield code="2">rdamedia</subfield>
	</datafield>
	<datafield ind1=" " ind2=" " tag="338">
		<subfield code="a">online resource</subfield>
		<subfield code="2">rdacarrier</subfield>
	</datafield>
	<datafield ind1=" " ind2=" " tag="500">
		<subfield code="a">Part of the Arabic Collections Online (ACO) project, contributed by Princeton University Libraries.</subfield>
	</datafield>
	<datafield ind1=" " ind2=" " tag="504">
		<subfield code="a">Includes bibliographical references.</subfield>
	</datafield>
	<datafield ind1=" " ind2=" " tag="533">
		<subfield code="a">Electronic reproduction.</subfield>
		<subfield code="b">New York, N.Y. :</subfield>
		<subfield code="c">New York University,</subfield>
		<subfield code="d">2021.</subfield>
		<subfield code="5">NNU</subfield>
	</datafield>
	<datafield ind1=" " ind2="0" tag="650">
		<subfield code="a">Caliphs.</subfield>
	</datafield>
	<datafield ind1=" " ind2="7" tag="650">
		<subfield code="a">Caliphs.</subfield>
		<subfield code="2">fast</subfield>
		<subfield code="0">(OCoLC)fst00844318</subfield>
	</datafield>
	<datafield ind1="1" ind2=" " tag="700">
		<subfield code="6">880-05</subfield>
		<subfield code="a">Āl Yāsīn, Muḥammad Ḥasan.</subfield>
	</datafield>
	<datafield ind1="2" ind2=" " tag="710">
		<subfield code="a">Princeton University.</subfield>
		<subfield code="b">Library.</subfield>
	</datafield>
	<datafield ind1="0" ind2=" " tag="730">
		<subfield code="a">Arabic Collections Online.</subfield>
	</datafield>
	<datafield ind1="0" ind2="8" tag="776">
		<subfield code="i">Online version:</subfield>
		<subfield code="a">Ṣāḥib al-Ṭālqānī, Abū al-Qāsim Ismāʻīl ibn ʻAbbād, 936-995.</subfield>
		<subfield code="t">ʻUnwān al-maʻārif wa-dhikr al-khalāʼif.</subfield>
		<subfield code="b">[al-Ṭabʻah 3].</subfield>
		<subfield code="d">[Baghdad : s.n., 1966]</subfield>
		<subfield code="w">(OCoLC)551716887</subfield>
	</datafield>
	<datafield ind1="0" ind2="8" tag="776">
		<subfield code="i">Print version:</subfield>
		<subfield code="a">Ṣāḥib al-Ṭālqānī, Abū al-Qāsim Ismāʻīl ibn ʻAbbād, 936-995.</subfield>
		<subfield code="t">ʻUnwān al-maʻārif wa-dhikr al-khalāʼif</subfield>
		<subfield code="w">(NjP)2825537</subfield>
		<subfield code="w">(DLC)ne 67000757 </subfield>
		<subfield code="w">(OCoLC)20409655</subfield>
	</datafield>
	<datafield ind1="4" ind2="0" tag="856">
		<subfield code="u">http://hdl.handle.net/2333.1/80gb5xrv</subfield>
	</datafield>
	<datafield ind1="1" ind2=" " tag="880">
		<subfield code="6">100-01</subfield>
		<subfield code="a">صاحب الطالقاني، ابو القاسم اسماعيل بن عباد،,</subfield>
		<subfield code="d">936-995.</subfield>
	</datafield>
	<datafield ind1="1" ind2="0" tag="880">
		<subfield code="6">245-02</subfield>
		<subfield code="a">عنوان المعارف وذكر الخلائف /</subfield>
		<subfield code="c">تأليف الصاحب ابي القاسم اسماعيل بن عباد ؛ تحقيق محمد حسن آل ياسين.</subfield>
	</datafield>
	<datafield ind1=" " ind2=" " tag="880">
		<subfield code="6">250-03</subfield>
		<subfield code="a">[الطبعة 3].</subfield>
	</datafield>
	<datafield ind1=" " ind2=" " tag="880">
		<subfield code="6">260-04</subfield>
		<subfield code="a">[بغداد :</subfield>
		<subfield code="b">s.n.،</subfield>
		<subfield code="c">1966]</subfield>
	</datafield>
	<datafield ind1="1" ind2=" " tag="880">
		<subfield code="6">700-05</subfield>
		<subfield code="a">آل ياسين، محمد حسن.</subfield>
	</datafield>
	<datafield ind1=" " ind2=" " tag="959">
		<subfield code="a">NNU</subfield>
		<subfield code="b">WEB</subfield>
		<subfield code="c">GENI</subfield>
		<subfield code="t">0</subfield>
		<subfield code="m">Electronic access</subfield>
		<subfield code="s">01</subfield>
	</datafield>
	<datafield ind1=" " ind2=" " tag="999">
		<subfield code="i">NjP_2825537</subfield>
		<subfield code="o">(OCoLC)ocm20409655 </subfield>
		<subfield code="s">princeton_aco002130</subfield>
	</datafield>
</record>
